@book{bib:Hartwig,
    title = {Organotransition Metal Chemistry: From Bonding to Catalysis},
    author = {John F Hartwig},
    publisher = {University Science Books},
    year = {2010}
}

@book{bib:SpessardMiessler,
    title = {Organometallic Chemistry},
    author = {Gary O Spessard and Gary L Miessler},
    publisher = {Oxford University Press},
    address = {198 Madison Avenue, New York, New York 10016},
    year = {2010},
    edition = {Second}
}

@online{bib:CHEM20100Notes,
    title = {{CHEM} 20100 ({Inorganic Chemistry I}) Notes},
    author = {Steven Labalme},
    year = {2021},
    url = {https://github.com/shadypuck/CHEM20100Notes/blob/master/Notes/notes.pdf},
    version = {Accessed 29 March 2021}
}